<?xml version="1.0" encoding="UTF-8"?><collection xmlns="http://www.loc.gov/MARC21/slim"><record><leader>00464nam--2200157-i-4500</leader><controlfield tag="001">000045517</controlfield><controlfield tag="002">20161230</controlfield><controlfield tag="005">20170105231645</controlfield><controlfield tag="008">060222s1000------------r-----000-0-eng-d</controlfield><datafield ind1=" " ind2=" " tag="080"><subfield code="a">515.14(061.3)</subfield></datafield><datafield ind1=" " ind2=" " tag="245"><subfield code="a">Trieste conf. on recent developments in conformal field th. ICPT, Trieste, Italy, Oct.2-4, 1989</subfield></datafield><datafield ind1=" " ind2=" " tag="260"><subfield code="a">Singapore</subfield><subfield code="b">World Scientific</subfield><subfield code="c">1990</subfield></datafield><datafield ind1=" " ind2=" " tag="300"><subfield code="a">VIII + 307 p</subfield></datafield><datafield ind1=" " ind2=" " tag="700"><subfield code="a">Randjbar-Daemi, S</subfield></datafield><datafield ind1=" " ind2=" " tag="852"><subfield code="a">79217</subfield></datafield><datafield ind1=" " ind2=" " tag="CAT"><subfield code="a">SYS</subfield><subfield code="c">20170105</subfield><subfield code="h">231645</subfield></datafield></record></collection>